@book{el2005advanced,
  title={Advanced computer architecture and parallel processing},
  author={El-Rewini, Hesham and Abd-El-Barr, Mostafa},
  volume={42},
  year={2005},
  publisher={John Wiley \& Sons}
}
@book{hwang2011advanced,
  title={Advanced Computer Architecture, 3e},
  author={Hwang, Kai and Jotwani, Naresh},
  year={2011},
  publisher={McGraw-Hill Education}
}
@INPROCEEDINGS{242736, 
author={T. J. LeBlanc and E. P. Markatos}, 
booktitle={[1992] Proceedings of the Fourth IEEE Symposium on Parallel and Distributed Processing}, 
title={Shared memory vs. message passing in shared-memory multiprocessors}, 
year={1992}, 
volume={}, 
number={}, 
pages={254-263}, 
keywords={message passing;performance evaluation;shared memory systems;message passing;shared-memory multiprocessors;load imbalance;performance advantages;programming model;BBN Butterfly;Sequent Symmetry;Encore Multimax;Silicon Graphics Iris multiprocessors;load balancing properties;shared-memory model;locality properties;Message passing;Hardware;Samarium;Computer science;Costs;Switches;Computational modeling;Concurrent computing;Application software;Processor scheduling}, 
doi={10.1109/SPDP.1992.242736}, 
ISSN={}, 
month={Dec},}
